@InProceedings{Akaike1973,
   author = {H. Akaike},
   title = {Information theory and an extension of the maximum likelihood principle},
   editor = {B. N. Petrov and F. Csaki},
   booktitle = {2nd International Symposium on Information Theory},
   pages = {267-281},
   year = {1973},
   location = {Budapest: Akademiai Kiado} 
}